@article{fiedler1973algebraic,
  title={Algebraic connectivity of graphs},
  author={Fiedler, Miroslav},
  journal={Czechoslovak mathematical journal},
  volume={23},
  number={2},
  pages={298--305},
  year={1973},
  publisher={Institute of Mathematics, Academy of Sciences of the Czech Republic}
}

@article{zachary1977information,
  title={An information flow model for conflict and fission in small groups},
  author={Zachary, Wayne W},
  journal={Journal of anthropological research},
  volume={33},
  number={4},
  pages={452--473},
  year={1977},
  publisher={University of New Mexico}
}

@inproceedings{konect,
	title = {{KONECT} -- {The} {Koblenz} {Network} {Collection}},
	author = {J\'{e}r\^{o}me Kunegis},
	year = {2013},
	booktitle = {Proc. Int. Conf. on World Wide Web Companion},
	pages = {1343--1350},
	url = {http://dl.acm.org/citation.cfm?id=2488173},
}

@book{stewart1990matrix,
	title={Matrix Perturbation Theory},
	author={Stewart, G.W. and Ji-guang Sun},
	lccn={lc90033378},
	series={Computer science and scientific computing},
	url={https://books.google.com/books?id=l78PAQAAMAAJ},
	year={1990},
	publisher={Academic Press}
}
@INPROCEEDINGS{fagan2016powerwall,
	author={M. {Fagan} and J. {Schlachter} and K. {Yoshii} and S. {Leyffer} and K. {Palem} and M. {Snir} and S. M. {Wild} and C. {Enz}},
	booktitle={2016 29th IEEE International System-on-Chip Conference (SOCC)},
	title={Overcoming the power wall by exploiting inexactness and emerging {COTS} architectural features: Trading precision for improving application quality},
	year={2016},
	volume={},
	number={},
	pages={241-246},
	keywords={computer architecture;microprocessor chips;power aware computing;power consumption;IEEE compliant precision values;commercial off-the-shelf processors;quality preservation;precision reduction;page rank;weather prediction;inexactness;energy savings;computing system scaling;power consumption;energy consumption;COTS architectural features;Energy measurement;Program processors;Hardware;Context;Arrays;Microprocessors},
	doi={10.1109/SOCC.2016.7905477},
	ISSN={},
	month={Sep.},}

@Article{vonLuxburg2007,
	author="von Luxburg, Ulrike",
	title="A tutorial on spectral clustering",
	journal="Statistics and Computing",
	year="2007",
	month="Dec",
	day="01",
	volume="17",
	number="4",
	pages="395--416",
	abstract="In recent years, spectral clustering has become one of the most popular modern clustering algorithms. It is simple to implement, can be solved efficiently by standard linear algebra software, and very often outperforms traditional clustering algorithms such as the k-means algorithm. On the first glance spectral clustering appears slightly mysterious, and it is not obvious to see why it works at all and what it really does. The goal of this tutorial is to give some intuition on those questions. We describe different graph Laplacians and their basic properties, present the most common spectral clustering algorithms, and derive those algorithms from scratch by several different approaches. Advantages and disadvantages of the different spectral clustering algorithms are discussed.",
	issn="1573-1375",
	doi="10.1007/s11222-007-9033-z",
	url="https://doi.org/10.1007/s11222-007-9033-z"
}

@book{LAPACK,
	author = {Anderson, E. and Bai, Z. and Bischof, C. and Blackford, L. S. and Demmel, J. and Dongarra, Jack J. and Du Croz, J. and Hammarling, S. and Greenbaum, A. and McKenney, A. and Sorensen, D.},
	title = {LAPACK Users' Guide (Third Ed.)},
	year = {1999; also available online from http://www.netlib.org.},
	isbn = {0-89871-447-8},
	publisher = {Society for Industrial and Applied Mathematics},
	address = {Philadelphia, PA, USA},
} 

@inproceedings{BDGJNS2014,
	author = {Ballard, Grey and W. Demmel, James and Grigori, Laura and Jacquelin, Mathias and Diep Nguyen, Hong and Solomonik, Edgar},
	year = {2014},
	month = {05},
	pages = {1159-1170},
	title = {Reconstructing {Householder} Vectors from Tall-Skinny {QR}},
	volume = {85},
	isbn = {978-1-4799-3800-1},
	journal = {Journal of Parallel and Distributed Computing},
	doi = {10.1109/IPDPS.2014.120}
}
@book{golub2013matrix,
	title={Matrix computations},
	author={Golub, Gene H and Van Loan, Charles F},
	edition={4},
	year={2013},
	publisher={JHU press}
}

@book{baker1996pade,
  title={Pade Approximants: Encyclopedia of Mathematics and It's Applications, Vol. 59 George A. Baker, Jr., Peter Graves-Morris},
  author={Baker, George A and Baker Jr, George A and Baker, George and Graves-Morris, Peter and Baker, Susan S},
  volume={59},
  year={1996},
  publisher={Cambridge University Press}
}

@article{moler2003nineteen,
  title={Nineteen dubious ways to compute the exponential of a matrix, twenty-five years later},
  author={Moler, Cleve and Van Loan, Charles},
  journal={SIAM review},
  volume={45},
  number={1},
  pages={3--49},
  year={2003},
  publisher={SIAM}
}

@article{milewski1999pseudospectral,
  title={A pseudospectral procedure for the solution of nonlinear wave equations with examples from free-surface flows},
  author={Milewski, Paul A and Tabak, Esteban G},
  journal={SIAM journal on scientific computing},
  volume={21},
  number={3},
  pages={1102--1114},
  year={1999},
  publisher={SIAM}
}

@article{beylkin1998new,
  title={A new class of time discretization schemes for the solution of nonlinear PDEs},
  author={Beylkin, Gregory and Keiser, James M and Vozovoi, Lev},
  journal={Journal of computational physics},
  volume={147},
  number={2},
  pages={362--387},
  year={1998},
  publisher={Academic Press}
}

@article{wang2010approximation,
	title={Approximation of stationary statistical properties of dissipative dynamical systems: time discretization},
	author={Wang, Xiaoming},
	journal={Mathematics of computation},
	volume={79},
	number={269},
	pages={259--280},
	year={2010}
}
@book{gottlieb2011strong,
	title={Strong stability preserving Runge-Kutta and multistep time discretizations},
	author={Gottlieb, Sigal and Ketcheson, David I and Shu, Chi-Wang},
	year={2011},
	publisher={World Scientific}
}

@article{krogstad2005generalized,
	title={Generalized integrating factor methods for stiff PDEs},
	author={Krogstad, Stein},
	journal={Journal of Computational Physics},
	volume={203},
	number={1},
	pages={72--88},
	year={2005},
	publisher={Elsevier}
}

@article{cox2002exponential,
	title={Exponential time differencing for stiff systems},
	author={Cox, Steven M and Matthews, Paul C},
	journal={Journal of Computational Physics},
	volume={176},
	number={2},
	pages={430--455},
	year={2002},
	publisher={Academic Press}
}

@article{boscarino2014high,
	title={High-order asymptotic-preserving methods for fully nonlinear relaxation problems},
	author={Boscarino, Sebastiano and LeFloch, Philippe G and Russo, Giovanni},
	journal={SIAM Journal on Scientific Computing},
	volume={36},
	number={2},
	pages={A377--A395},
	year={2014},
	publisher={SIAM}
}

@book{Nazarenko11,
	title={Wave turbulence},
	author={Nazarenko, Sergey},
	volume={825},
	year={2011},
	publisher={Springer Science \& Business Media}
}

@book{stuart1998dynamical,
	title={Dynamical Systems and Numerical Analysis},
	author={Stuart, A. and Humphries, A.R.},
	number={v. 8},
	isbn={9780521645638},
	lccn={96228562},
	series={Cambridge Monographs on Applied and Computational Mathematics},
	url={https://books.google.com/books?id=ymoQA8s5pNIC},
	year={1998},
	publisher={Cambridge University Press}
}

@inproceedings{
	micikevicius2018mixed,
	title={Mixed Precision Training},
	author={Paulius Micikevicius and Sharan Narang and Jonah Alben and Gregory Diamos and Erich Elsen and David Garcia and Boris Ginsburg and Michael Houston and Oleksii Kuchaiev and Ganesh Venkatesh and Hao Wu},
	booktitle={International Conference on Learning Representations},
	year={2018},
	url={https://openreview.net/forum?id=r1gs9JgRZ},
}

@INPROCEEDINGS{tagliavini2018floating,
	author={G. {Tagliavini} and S. {Mach} and D. {Rossi} and A. {Marongiu} and L. {Benin}},
	booktitle={2018 Design, Automation Test in Europe Conference Exhibition (DATE)},
	title={A transprecision floating-point platform for ultra-low power computing},
	year={2018},
	volume={},
	number={},
	pages={1051-1056},
	keywords={embedded systems;floating point arithmetic;IEEE standards;low-power electronics;microprocessor chips;power aware computing;software libraries;transprecision floating-point platform;ultra-low power computing;low-power embedded platforms;floating-point operations;energy consumption;compute-intensive applications;dynamic range;experimental evidence;data memory;FP computations;FP formats;arithmetic circuitry;memory bandwidth;registers;enabling vectorization;multiple FP types;transprecision computing;final results;extended FP type system;complete hardware support;low-power embedded processors;standard formats;binary8 alt;binary16alt;precision tuning;experimental results;transprecision FP unit;FP-intensive benchmarks;FP operations;memory accesses;Libraries;Dynamic range;Standards;Tools;Hardware;Energy consumption;Tuning},
	doi={10.23919/DATE.2018.8342167},
	ISSN={},
	month={March},}

@INPROCEEDINGS{abdelfattah2019batched,
	author={A. {Abdelfattah} and S. {Tomov} and J. {Dongarra}},
	booktitle={2019 IEEE International Parallel and Distributed Processing Symposium (IPDPS)},
	title={Fast Batched Matrix Multiplication for Small Sizes Using Half-Precision Arithmetic on {GPU}s},
	year={2019},
	volume={},
	number={},
	pages={111-122},
	keywords={Matrix multiplication;batched linear algebra;FP16 arithmetic;GPU computing},
	doi={10.1109/IPDPS.2019.00022},
	ISSN={},
	month={May},}

@inproceedings{haidar2019tensorcore,
	author = {Haidar, Azzam and Tomov, Stanimire and Dongarra, Jack and Higham, Nicholas J.},
	title = {Harnessing {GPU} Tensor Cores for Fast FP16 Arithmetic to Speed Up Mixed-precision Iterative Refinement Solvers},
	booktitle = {Proceedings of the International Conference for High Performance Computing, Networking, Storage, and Analysis},
	series = {SC '18},
	year = {2018},
	location = {Dallas, Texas},
	pages = {47:1--47:11},
	articleno = {47},
	numpages = {11},
	url = {https://doi.org/10.1109/SC.2018.00050},
	doi = {10.1109/SC.2018.00050},
	acmid = {3291719},
	publisher = {IEEE Press},
	address = {Piscataway, NJ, USA},
	keywords = {FP16 arithmetic, GPU computing, half precision, iterative refinement computation, linear algebra, mixed precision solvers},
}

@inbook{haidar2018iterative,
	author = {Haidar, Azzam and Abdelfattah, Ahmad and Zounon, Mawussi and Wu, Panruo and Pranesh, Srikara and Tomov, Stanimire and Dongarra, Jack},
	year = {2018},
	month = {June},
	pages = {586-600},
	title = {The Design of Fast and Energy-Efficient Linear Solvers: On the Potential of Half-Precision Arithmetic and Iterative Refinement Techniques},
	isbn = {978-3-319-93697-0},
	doi = {10.1007/978-3-319-93698-7_45}
}

@article{Courbariaux2014Storage,
	title={Low precision storage for deep learning},
	author={Courbariaux, Matthieu and David, Jean-Pierre and Bengio, Yoshua},
	journal={arXiv preprint arXiv:1412.7024},
	year={2014}
}

@article{Courbariaux2014Mult,
	title={Training deep neural networks with low precision multiplications},
	author={Courbariaux, Matthieu and Bengio, Yoshua and David, Jean-Pierre},
	journal={arXiv preprint, arXiv:1412.7024},
	year={2014}
}
@unpublished{Yang2019,
	abstract = {Although mixed precision arithmetic has recently garnered interest for training dense neural networks, many other applications could benefit from the  speed-ups and lower storage if applied appropriately. 
	The growing interest in employing mixed precision computations motivates the need for rounding error analysis that properly handles behavior from mixed precision arithmetic.
	We present a framework for mixed precision analysis that builds on the foundations of rounding error analysis presented in \cite{Higham2002} and demonstrate its practicality by applying the analysis to various Householder QR Algorithms. 
	In addition, we present successful results from using mixed precision QR factorization for some small-scale benchmark problems in graph clustering. },
	author = {Yang, L. Minah and Fox, Alyson and Sanders, Geoffrey},
	journal = {arXiv preprint, arXiv:1912.06217},
	url={https://arxiv.org/abs/1912.06217},
	title = {{Mixed-Precision Analysis of Householder QR Algorithms}},
	note={Submitted to journal October 2019}
}

@inproceedings{KONECT,
	author={Jeroˆme Kunegis},
	title={{KONECT: the koblenz network collection}},
	journal={Proceedings of the 22nd International Conference on World Wide Web},
	pages={1343-1350},
	year={2013}
}

@misc{SNAP,
	author       = {Jure Leskovec and Andrej Krevl},
	title        = {{SNAP Datasets}: {Stanford} Large Network Dataset Collection},
	howpublished = {\url{http://snap.stanford.edu/data}},
	month        = jun,
	year         = 2014
}

@incollection{varga2004gervsgorin,
	title={Ger{\v{s}}gorin-Type Theorems for Partitioned Matrices},
	author={Varga, Richard S},
	booktitle={Ger{\v{s}}gorin and His Circles},
	pages={155--187},
	year={2004},
	publisher={Springer}
}

@article{broido2019scale,
	title={Scale-free networks are rare},
	author={Broido, Anna D and Clauset, Aaron},
	journal={Nature communications},
	volume={10},
	number={1},
	pages={1017},
	year={2019},
	publisher={Nature Publishing Group}
}
@article{Householder1958,
	title={Unitary triangularization of a nonsymmetric matrix},
	author={Householder, Alston S},
	journal={Journal of the ACM (JACM)},
	volume={5},
	number={4},
	pages={339--342},
	year={1958},
	publisher={ACM}
}

@article{blackford2002updated, 
	title={An updated set of basic linear algebra subprograms (BLAS)}, 
	author={Blackford, L Susan and Petitet, Antoine and Pozo, Roldan and Remington, Karin and Whaley, R Clint and Demmel, James and Dongarra, Jack and Duff, Iain and Hammarling, Sven and Henry, Greg and others}, 
	journal={ACM Transactions on Mathematical Software}, 
	volume={28}, 
	number={2}, 
	pages={135--151}, 
	year={2002} 
}

@online{nvdia,
	author = {Jeremy Appleyard and Scott Yokim},
	title = {Programming {Tensor Cores} in {CUDA} 9},
	year = 2017,
	url = {https://devblogs.nvidia.com/programming-tensor-cores-cuda-9/},
	urldate = {2018-07-30}
}

@INPROCEEDINGS{GraphChallenge, 
	author={E. {Kao} and V. {Gadepally} and M. {Hurley} and M. {Jones} and J. {Kepner} and S. {Mohindra} and P. {Monticciolo} and A. {Reuther} and S. {Samsi} and W. {Song} and D. {Staheli} and S. {Smith}}, 
	booktitle={2017 IEEE High Performance Extreme Computing Conference (HPEC)}, 
	title={Streaming graph challenge: Stochastic block partition}, 
	year={2017}, 
	volume={}, 
	number={}, 
	pages={1-12}, 
	keywords={Bayes methods;computational complexity;graph theory;inference mechanisms;graph partition problem;combinatorial problem;graph partition challenge;baseline partition algorithm;real-world graphs;data sets;streaming graph generator;parallelism;streaming fashion;stochastic block partition;relaxation methods;approximate solutions;community collaboration;parallel computation strategies;Bayesian inferential methods;Partitioning algorithms;Stochastic processes;Bayes methods;Inference algorithms;Measurement;Algorithm design and analysis;Clustering algorithms}, 
	doi={10.1109/HPEC.2017.8091040}, 
	ISSN={}, 
	month={Sep.},}

@book{Bai2000,
	author = {Bai, Z. and Demmel, J. and Dongarra, J. and Ruhe, A. and van der Vorst H.},
	title = {Templates for the Solution of Algebraic Eigenvalue Problems: A Practical Guide},
	year = {2000},
	isbn = {0898714710},
	edition = {1st},
	publisher = {Society for Industrial and Applied Mathematics},
	address = {Philadelphia, PA, USA},
} 

@article{lawson1961,
	title={Contribution to the theory of linear least maximum approximation},
	author={Lawson, Charles Lawrence},
	journal={Ph. D. dissertation, Univ. Calif.},
	year={1961}
}
