@article{Brunton2016,
  title={Discovering governing equations from data by sparse identification of nonlinear dynamical systems},
  author={Brunton, Steven L and Proctor, Joshua L and Kutz, J Nathan},
  journal={Proceedings of the National Academy of Sciences},
  volume={113},
  number={15},
  pages={3932--3937},
  year={2016},
  publisher={National Acad Sciences}
}

@article{Zheng2018,
	title={A unified framework for sparse relaxed regularized regression: SR3},
	author={Zheng, Peng and Askham, Travis and Brunton, Steven L and Kutz, J Nathan and Aravkin, Aleksandr Y},
	journal={IEEE Access},
	volume={7},
	pages={1404--1423},
	year={2018},
	publisher={IEEE}
}